<record><leader>00000cas a22000007a 4500</leader><controlfield tag="001">10358479</controlfield><controlfield tag="008">840131d18391843mauwr ne      0    0eng d</controlfield><datafield ind1=" " ind2=" " tag="010"><subfield code="a">sn 84022238 </subfield></datafield><datafield ind1=" " ind2=" " tag="040"><subfield code="a">NPX</subfield><subfield code="b">eng</subfield><subfield code="c">NPX</subfield><subfield code="d">NPY</subfield><subfield code="d">NPU</subfield><subfield code="d">MGN</subfield><subfield code="d">OCLCQ</subfield></datafield><datafield ind1=" " ind2=" " tag="042"><subfield code="a">msc</subfield></datafield><datafield ind1=" " ind2=" " tag="043"><subfield code="a">n-us-ma</subfield></datafield><datafield ind1="0" ind2=" " tag="130"><subfield code="a">American weekly traveller (Boston, Mass. : 1839)</subfield></datafield><datafield ind1="1" ind2="0" tag="245"><subfield code="a">American weekly traveller.</subfield></datafield><datafield ind1="3" ind2="0" tag="246"><subfield code="a">American traveller</subfield></datafield><datafield ind1=" " ind2=" " tag="260"><subfield code="a">Boston, Ms. [Mass.] :</subfield><subfield code="b">Badger &amp; Porter</subfield></datafield><datafield ind1=" " ind2=" " tag="300"><subfield code="a">v. ;</subfield><subfield code="c">64 cm.</subfield></datafield><datafield ind1=" " ind2=" " tag="310"><subfield code="a">Weekly</subfield></datafield><datafield ind1="0" ind2=" " tag="362"><subfield code="a">Vol. 1, no. 1 (Jan. 5, 1839)-v. 5, no. 5 (Feb. 4, 1843).</subfield></datafield><datafield ind1=" " ind2=" " tag="500"><subfield code="a">"Weekly" appears in masthead ornament.</subfield></datafield><datafield ind1=" " ind2=" " tag="500"><subfield code="a">Editor: R.L. Porter.</subfield></datafield><datafield ind1=" " ind2=" " tag="580"><subfield code="a">Semiweekly ed.: American traveller (Boston, Mass. : 1825), 1839-1842, and: American semi-weekly traveller (Boston, Mass. : 1843), 1843.</subfield></datafield><datafield ind1=" " ind2=" " tag="752"><subfield code="a">United States</subfield><subfield code="b">Massachusetts</subfield><subfield code="c">Suffolk</subfield><subfield code="d">Boston.</subfield></datafield><datafield ind1="1" ind2=" " tag="775"><subfield code="t">American traveller (Boston, Mass. : 1825)</subfield><subfield code="w">(DLC)sn 84022243</subfield></datafield><datafield ind1="1" ind2=" " tag="775"><subfield code="t">American semi-weekly traveller (Boston, Mass. : 1843)</subfield><subfield code="w">(DLC)sn 91057125</subfield></datafield><datafield ind1="0" ind2="0" tag="785"><subfield code="t">American weekly traveller and farmers' advocate</subfield><subfield code="w">(DLC)sn 91057124</subfield></datafield></record>